<?xml version="1.0" encoding="UTF-8"?><record xmlns="http://www.loc.gov/MARC21/slim" xmlns:cinclude="http://apache.org/cocoon/include/1.0" xmlns:zs="http://www.loc.gov/zing/srw/">
  <leader>00443nz  a2200133n  4500</leader>
  <controlfield tag="001">no2009178528</controlfield>
  <controlfield tag="003">DLC</controlfield>
  <controlfield tag="005">20091108075305.0</controlfield>
  <controlfield tag="008">091106n| acannaabn          |n aaa     c</controlfield>
  <datafield tag="010" ind1=" " ind2=" ">
    <subfield code="a">no2009178528</subfield>
  </datafield>
  <datafield tag="035" ind1=" " ind2=" ">
    <subfield code="a">(OCoLC)oca08297137</subfield>
  </datafield>
  <datafield tag="040" ind1=" " ind2=" ">
    <subfield code="a">MiFliG</subfield>
    <subfield code="b">eng</subfield>
    <subfield code="c">MiFliG</subfield>
  </datafield>
  <datafield tag="100" ind1="1" ind2=" ">
    <subfield code="a">Weil, William S.</subfield>
  </datafield>
  <datafield tag="670" ind1=" " ind2=" ">
    <subfield code="a">A tool for organizational integration, 1988:</subfield>
    <subfield code="b">cover (William S. Weil, III, Senior Manager, Deloitte Haskins &amp; Sells, Woodland Hills, California)</subfield>
  </datafield>
</record>